% Tese de Doutorado
@PHDTHESIS{PaquetePhD,
  AUTHOR = {L.~Paquete},
  TITLE = {Stochastic Local Search Algorithms for Multiobjective Combinatorial
Optimization Problems: Methods and Analysis},
  SCHOOL = {Techniche Universit\"at Darmstadt},
  YEAR = {2005}
}


% Relatorio tecnico
@TechReport{Jaszkiewicz,
AUTHOR={ Andrzej Jaszkiewicz},
TITLE={Genetic local search for multiple objective combinatorial optimization},
YEAR=1998,
INSTITUTION={Institute of Computing Science, Poznan University of Technology},
NUMBER={RA-014/98}
}

% Capitulo de Livro
@InBook{KnowlesBoundedPareto,
  author = 	 {Joshua Knowles and David Corne},
  editor = 	 {X. Gandibleux and M. Sevaux and K. S\"orensen and V. \relax{T'Kindt}},
  title = 	 {Metaheuristics for Multiobjective Optimisation},
  chapter = 	 {Bounded {P}areto Archiving: Theory and Practice},
  publisher = 	 {Springer},
  year = 	 {2004},
  volume = 	 {535},
  series = 	 {Lecture Notes in Economics and Mathematical Systems},
  pages = 	 {39--64},
  OPTannote = 	 {ISBN: 3-540-20637-X }
}


% Artigo em anais de congresso
@InProceedings{KnowlesBoundedLebesgue,
  author = 	 {Joshua D. Knowles and David W. Corne and Mark Fleischer},
  title = 	 {Bounded Archiving using the {L}ebesgue Measure},
  booktitle = 	 {Proceedings of the IEEE Congress on Evolutionary Computation},
  pages = 	 {2490--2497},
  year = 	 {2003},
  publisher = {IEEE Press}
}


% Artigo de jornal
@Article{LopezPaqueteStu,
  AUTHOR = { Manuel L{\'o}pez-Ib{\'a}{\~n}ez  and  Lu\'is Paquete  and  Thomas St{\"u}tzle },
  TITLE = {Hybrid Population-based Algorithms for the
                  Bi-objective Quadratic Assignment Problem},
  JOURNAL = {Journal of Mathematical Modelling and Algorithms},
  YEAR = 2006,
  VOLUME = 5,
  NUMBER = 1,
  PAGES = {111--137}
 }
 
 
% Livro
@Book{Silberschatz,
  author =       {Silberschatz, Abraham and
                  Korth, Henry F. and
                  Sudarshan, S.},
  title =        {Database system concepts},
  publisher =    {McGraw-Hill},
  year =         {2002},
  edition =      {4th},
  address = {Boston}
}


%Referencia da Web
@Misc{DB2XML,
    author =     {Volker Turau},
    title =      {DB2XML 1.4: {Transforming} relational databases into {XML} documents},    
    month =     Oct,
    year =   {2001},
    note = {Out., 2001. Disponível em: <\url{http://www.informatik.fh-wiesbaden.de/~turau/DB2XML/index.html}>. Acesso em Abril 9, 2004},
}


% Dissertação de Mestrado
@MasterThesis{Angelo,
  AUTHOR =       "Angelo Agra",
  TITLE =        "Implementação de uma Proposta para Atualização de Bancos de Dados através de Visões",
  SCHOOL =       "Instituto de Informática, UFRGS",
  YEAR =         "2004",
  type =         "{Projeto de Diplomação}",
  address =      "Porto Alegre, RS, Brasil",
  month =        Jul
}


@Manual{PMCMR,
    title = {The Pairwise Multiple Comparison of Mean Ranks Package (PMCMR)},
    author = {Thorsten Pohlert},
    year = {2014},
    note = {R package},
    url = {https://CRAN.R-project.org/package=PMCMR},
 }
  
@Manual{NSM3,
    title = {NSM3: Functions and Datasets to Accompany Hollander, Wolfe, and
Chicken - Nonparametric Statistical Methods, Third Edition},
    author = {Grant Schneider and Eric Chicken and Rachel Becvarik},
    year = {2018},
    note = {R package version 1.12},
    url = {https://CRAN.R-project.org/package=NSM3},
 }
 
@Manual{R,
    title = {R: A Language and Environment for Statistical Computing},
    author = {{R Core Team}},
    organization = {R Foundation for Statistical Computing},
    address = {Vienna, Austria},
    year = {2017},
    url = {https://www.R-project.org/},
 }
 
@inproceedings{friedman,
  title={Distribution-free multiple comparisons},
  author={Nemenyi, Peter},
  booktitle={Biometrics},
  volume={18},
  number={2},
  pages={263},
  year={1962},
  organization={INTERNATIONAL BIOMETRIC SOC 1441 I ST, NW, SUITE 700, WASHINGTON, DC 20005-2210}
}

@book{numpy,
  title={A guide to NumPy},
  author={Oliphant, Travis E},
  volume={1},
  year={2006},
  publisher={Trelgol Publishing USA}
}

@article{scipy,
  title={$\{$SciPy$\}$: open source scientific tools for $\{$Python$\}$},
  author={Jones, Eric and Oliphant, Travis and Peterson, Pearu},
  year={2014}
}

@article{matplotlib,
  title={Matplotlib: a 2D graphics environment Comput},
  author={Hunter John, D},
  journal={Sci. Eng},
  volume={9},
  pages={90--5},
  year={2007}
}

@inproceedings{pandas,
  title={Data structures for statistical computing in python},
  author={McKinney, Wes and others},
  booktitle={Proceedings of the 9th Python in Science Conference},
  volume={445},
  pages={51--56},
  year={2010},
  organization={Austin, TX}
}

% knn
@techreport{knn-first,
  title={Discriminatory analysis-nonparametric discrimination: consistency properties},
  author={Fix, Evelyn and Hodges Jr, Joseph L},
  year={1951},
  institution={California Univ Berkeley}
}
@article{knn,
  title={Nearest neighbor pattern classification},
  author={Cover, Thomas and Hart, Peter},
  journal={IEEE transactions on information theory},
  volume={13},
  number={1},
  pages={21--27},
  year={1967},
  publisher={IEEE}
}


% MLP
@techreport{mlp-first,
  title={Principles of neurodynamics. perceptrons and the theory of brain mechanisms},
  author={Rosenblatt, Frank},
  year={1961},
  institution={CORNELL AERONAUTICAL LAB INC BUFFALO NY}
}

@techreport{mlp,
  title={Learning internal representations by error propagation},
  author={Rumelhart, David E and Hinton, Geoffrey E and Williams, Ronald J},
  year={1985},
  institution={California Univ San Diego La Jolla Inst for Cognitive Science}
}

% DT
@book{dt,
  title={Classification and Regression Trees},
  author={Breiman, Leo and Friedman, Jerome and Stone, Charles J and Olshen, RA},
  year={1984},
  publisher={CRC Press}
}


% SVM
@article{svm,
  title={Support-vector networks},
  author={Cortes, Corinna and Vapnik, Vladimir},
  journal={Machine learning},
  volume={20},
  number={3},
  pages={273--297},
  year={1995},
  publisher={Springer}
}

@article{sklearn,
  title={Scikit-learn: Machine learning in Python},
  author={Pedregosa, Fabian and Varoquaux, Ga{\"e}l and Gramfort, Alexandre and Michel, Vincent and Thirion, Bertrand and Grisel, Olivier and Blondel, Mathieu and Prettenhofer, Peter and Weiss, Ron and Dubourg, Vincent and others},
  journal={Journal of machine learning research},
  volume={12},
  number={Oct},
  pages={2825--2830},
  year={2011}
}

@inproceedings{cheng-hw-gender,
  title={Exploring gender prediction from digital handwriting},
  author={Erbilek, Meryem and Fairhurst, Michael and Li, Cheng},
  booktitle={Signal Processing and Communication Application Conference (SIU), 2016 24th},
  pages={789--792},
  year={2016},
  organization={IEEE}
}

@inproceedings{cheng-emotional,
  title={Exploiting biometric measurements for prediction of emotional state: A preliminary study for healthcare applications using keystroke analysis},
  author={Fairhurst, Michael and Li, Cheng and Erbilek, Meryem},
  booktitle={2014 IEEE Workshop on Biometric Measurements and Systems for Security and Medical Applications (BIOMS) Proceedings},
  pages={74--79},
  year={2014},
  organization={IEEE}
}

@phdthesis{cheng-thesis,
  title={Extending the predictive capabilities of hand-oriented behavioural biometric systems},
  author={Li, Cheng},
  year={2016},
  school={University of Kent}
}

@article{marjorie-comb,
  title={A new Brazilian hand-based behavioural biometrics database: Data collection and analysis},
  author={Da Silva, V Ribeiro and Silva, JCG De Araujo and Da Costa-Abreu, M{\'a}rjory},
  year={2016},
  publisher={IET}
}

@article{combine,
  title={Information fusion in biometrics},
  author={Ross, Arun and Jain, Anil},
  journal={Pattern recognition letters},
  volume={24},
  number={13},
  pages={2115--2125},
  year={2003},
  publisher={Elsevier}
}

@inproceedings{face-iris-comb,
  title={Combining face and iris biometrics for identity verification},
  author={Wang, Yunhong and Tan, Tieniu and Jain, Anil K},
  booktitle={International Conference on Audio-and Video-Based Biometric Person Authentication},
  pages={805--813},
  year={2003},
  organization={Springer}
}

@article{ks-methods,
  title={Biometric authentication and identification using keystroke dynamics: A survey},
  author={Banerjee, Salil P and Woodard, Damon L},
  journal={Journal of Pattern Recognition Research},
  volume={7},
  number={1},
  pages={116--139},
  year={2012},
  publisher={Citeseer}
}

@article{ks-review-ident,
  title={A systematic review on keystroke dynamics},
  author={Pisani, Paulo Henrique and Lorena, Ana Carolina},
  journal={Journal of the Brazilian Computer Society},
  volume={19},
  number={4},
  pages={573},
  year={2013}
}

@inproceedings{ks-id-device,
  title={Keystroke forensics: are you typing on a desktop or a laptop?},
  author={Tsimperidis, Ioannis and Katos, Vasilios},
  booktitle={Proceedings of the 6th Balkan Conference in Informatics},
  pages={89--94},
  year={2013},
  organization={ACM}
}

@inproceedings{ks-hardenning,
  title={Keystroke dynamics verification using a spontaneously generated password},
  author={Modi, Shimon and Elliott, Stephen J},
  booktitle={Proceedings 40th Annual 2006 International Carnahan Conference on Security Technology},
  pages={116--121},
  year={2006},
  organization={IEEE}
}

@article{likert,
  title={A technique for the measurement of attitudes.},
  author={Likert, Rensis},
  journal={Archives of psychology},
  year={1932}
}

@inproceedings{hw-gender1,
  title={Local descriptors to improve off-line handwriting-based gender prediction},
  author={Bouadjenek, Nesrine and Nemmour, Hassiba and Chibani, Youcef},
  booktitle={2014 6th International Conference of Soft Computing and Pattern Recognition (SoCPaR)},
  pages={43--47},
  year={2014},
  organization={IEEE}
}

@inproceedings{hw-gender2,
  title={Age, gender and handedness prediction from handwriting using gradient features},
  author={Bouadjenek, Nesrine and Nemmour, Hassiba and Chibani, Youcef},
  booktitle={2015 13th International Conference on Document Analysis and Recognition (ICDAR)},
  pages={1116--1120},
  year={2015},
  organization={IEEE}
}

@inproceedings{hw-gender3,
  title={Histogram of oriented gradients for writer's gender, handedness and age prediction},
  author={Bouadjenek, Nesrine and Nemmour, Hassiba and Chibani, Youcef},
  booktitle={2015 International Symposium on Innovations in Intelligent SysTems and Applications (INISTA)},
  pages={1--5},
  year={2015},
  organization={IEEE}
}


@article{hw-individuality,
  title={Individuality of handwriting},
  author={Srihari, Sargur N and Cha, Sung-Hyuk and Arora, Hina and Lee, Sangjik},
  journal={Journal of forensic science},
  volume={47},
  number={4},
  pages={1--17},
  year={2002},
  publisher={ASTM International}
}

@article{hw-recognition,
  title={Online and off-line handwriting recognition: a comprehensive survey},
  author={Plamondon, R{\'e}jean and Srihari, Sargur N},
  journal={IEEE Transactions on pattern analysis and machine intelligence},
  volume={22},
  number={1},
  pages={63--84},
  year={2000},
  publisher={IEEE}
}

@inproceedings{hw-writer-id,
  title={Writer identification using dynamic features},
  author={Yu, Kun and Wang, Yunhong and Tan, Tieniu},
  booktitle={International Conference on Biometric Authentication},
  pages={512--518},
  year={2004},
  organization={Springer}
}

@article{first-study,
  title={A methodology for reducing respondent duplication and impersonation in samples of hidden populations},
  author={Heckathorn, Douglas D and Broadhead, Robert S and Sergeyev, Boris},
  journal={Journal of Drug Issues},
  volume={31},
  number={2},
  pages={543--564},
  year={2001},
  publisher={SAGE Publications Sage CA: Los Angeles, CA}
}


@inproceedings{jain-assist,
  title={Can soft biometric traits assist user recognition?},
  author={Jain, Anil K and Dass, Sarat C and Nandakumar, Karthik},
  booktitle={Biometric Technology for Human Identification},
  volume={5404},
  pages={561--573},
  year={2004},
  organization={International Society for Optics and Photonics}
}

@inproceedings{jain-personal-recog,
  title={Soft biometric traits for personal recognition systems},
  author={Jain, Anil K and Dass, Sarat C and Nandakumar, Karthik},
  booktitle={International conference on biometric authentication},
  pages={731--738},
  year={2004},
  organization={Springer}
}

@inproceedings{jain-integrating,
  title={Integrating faces, fingerprints, and soft biometric traits for user recognition},
  author={Jain, Anil K and Nandakumar, Karthik and Lu, Xiaoguang and Park, Unsang},
  booktitle={International Workshop on Biometric Authentication},
  pages={259--269},
  year={2004},
  organization={Springer}
}

@inproceedings{dietterich-ensemble,
  title={Ensemble methods in machine learning},
  author={Dietterich, Thomas G},
  booktitle={International workshop on multiple classifier systems},
  pages={1--15},
  year={2000},
  organization={Springer}
}

@article{ks-authentication,
  title={Keystroke dynamics as a biometric for authentication},
  author={Monrose, Fabian and Rubin, Aviel D},
  journal={Future Generation computer systems},
  volume={16},
  number={4},
  pages={351--359},
  year={2000},
  publisher={Elsevier}
}

@inproceedings{multimodal-biometrics,
  title={Multimodal Biometrics: an overview},
  author={Ross, Arun and Jain, Anil K},
  booktitle={2004 12th European Signal Processing Conference},
  pages={1221--1224},
  year={2004},
  organization={IEEE}
}

@Article{ks-systematic-review,
    author="Pisani, Paulo Henrique
    and Lorena, Ana Carolina",
    title="A systematic review on keystroke dynamics",
    journal="Journal of the Brazilian Computer Society",
    year="2013",
    month="Nov",
    day="01",
    volume="19",
    number="4",
    pages="573--587",
    abstract="Computing and communication systems have improved our way of life, but have also contributed to an increased data exposure and, consequently, to identity theft. A possible way to overcome this issue is by the use of biometric technologies for user authentication. Among the possible technologies to be analysed, this work focuses on keystroke dynamics, which attempts to recognize users by their typing rhythm. In order to guide future researches in this area, a systematic review on keystroke dynamics was conducted and presented here. The systematic review method adopts a rigorous procedure with the definition of a formal review protocol. Systematic reviews are not commonly used in artificial intelligence, and this work contributes to its use in the area. This paper discusses the process involved in the review along with the results obtained in order to identify the state of the art of keystroke dynamics. We summarized main classifiers, performance measures, extracted features and benchmark datasets used in the area.",
    issn="1678-4804",
    doi="10.1007/s13173-013-0117-7",
    url="https://doi.org/10.1007/s13173-013-0117-7"
}

% cross validation and LOU
@book{validation,
  title={The elements of statistical learning: data mining, inference, and prediction},
  author={Hastie, Trevor and Tibshirani, Robert and Friedman, Jerome},
  year={2009},
  publisher={Springer Science \& Business Media}
}

@article{multibiometric,
  title={Multibiometric systems},
  author={Jain, Anil K and Ross, Arun},
  journal={Communications of the ACM},
  volume={47},
  number={1},
  pages={34--40},
  year={2004},
  publisher={ACM}
}

@article{continuous-auth,
  title={Soft biometric traits for continuous user authentication},
  author={Niinuma, Koichiro and Park, Unsang and Jain, Anil K},
  journal={IEEE Transactions on information forensics and security},
  volume={5},
  number={4},
  pages={771--780},
  year={2010},
  publisher={IEEE}
}

@book{handbook-biometrics,
  title={Handbook of biometrics},
  author={Jain, Anil K and Flynn, Patrick and Ross, Arun A},
  year={2008},
  publisher={Springer Science \& Business Media}
}

@article{emotion-decision,
  title={Emotion, decision making and the orbitofrontal cortex},
  author={Bechara, Antoine and Damasio, Hanna and Damasio, Antonio R},
  journal={Cerebral cortex},
  volume={10},
  number={3},
  pages={295--307},
  year={2000},
  publisher={Oxford University Press}
}

@inproceedings{voice-emotion,
  title={Voice signatures},
  author={Shafran, Izhak and Riley, Michael and Mohri, Mehryar},
  booktitle={2003 IEEE Workshop on Automatic Speech Recognition and Understanding (IEEE Cat. No. 03EX721)},
  pages={31--36},
  year={2003},
  organization={IEEE}
}

@article{facial-emotion,
  title={Analysis of EEG signals and facial expressions for continuous emotion detection},
  author={Soleymani, Mohammad and Asghari-Esfeden, Sadjad and Fu, Yun and Pantic, Maja},
  journal={IEEE Transactions on Affective Computing},
  volume={7},
  number={1},
  pages={17--28},
  year={2015},
  publisher={IEEE}
}

@article{body-emotion,
  title={Developing a body sensor network to detect emotions during driving},
  author={Rebolledo-Mendez, Genaro and Reyes, Angelica and Paszkowicz, Sebastian and Domingo, Mari Carmen and Skrypchuk, Lee},
  journal={IEEE transactions on intelligent transportation systems},
  volume={15},
  number={4},
  pages={1850--1854},
  year={2014},
  publisher={IEEE}
}

@article{silhouettes,
  title={Silhouettes: a graphical aid to the interpretation and validation of cluster analysis},
  author={Rousseeuw, Peter J},
  journal={Journal of computational and applied mathematics},
  volume={20},
  pages={53--65},
  year={1987},
  publisher={Elsevier}
}

@inproceedings{combining-gender,
  title={Investigating the Impact of Combining Handwritten Signature and Keyboard Keystroke Dynamics for Gender Prediction},
  author={Bandeira, Danilo Rodrigo Cavalcante and de Paula Canuto, Anne Magaly and Da Costa-Abreu, Marjory and Fairhurst, Michael and Li, Cheng and do Nascimento, Diego Silveira Costa},
  booktitle={2019 8th Brazilian Conference on Intelligent Systems (BRACIS)},
  pages={126--131},
  year={2019},
  organization={IEEE}
}

@article{faceli,
  title={Intelig{\^e}ncia Artificial: Uma abordagem de aprendizado de m{\'a}quina},
  author={Faceli, Katti and Lorena, Ana Carolina and Gama, Jo{\~a}o and Carvalho, Andr{\'e} Carlos Ponce de Leon and others},
  year={2011}
}

@article{cybenko1989,
  title={Approximation by superpositions of a sigmoidal function},
  author={Cybenko, George},
  journal={Mathematics of control, signals and systems},
  volume={2},
  number={4},
  pages={303--314},
  year={1989},
  publisher={Springer}
}

@article{supervised-learning,
  title={Supervised machine learning: A review of classification techniques},
  author={Kotsiantis, Sotiris B and Zaharakis, I and Pintelas, P},
  journal={Emerging artificial intelligence applications in computer engineering},
  volume={160},
  pages={3--24},
  year={2007}
}

@article{bagging,
  title={Bagging predictors},
  author={Breiman, Leo},
  journal={Machine learning},
  volume={24},
  number={2},
  pages={123--140},
  year={1996},
  publisher={Springer}
}

@article{boosting,
  title={A short introduction to boosting},
  author={Freund, Yoav and Schapire, Robert and Abe, Naoki},
  journal={Journal-Japanese Society For Artificial Intelligence},
  volume={14},
  number={771-780},
  pages={1612},
  year={1999},
  publisher={JAPANESE SOC ARTIFICIAL INTELL}
}

@misc{mitchell1997,
  title={Machine learning},
  author={Mitchell, Thomas M and others},
  year={1997},
  publisher={McGraw-Hill, Inc., New York, NY, USA}
}

@article{storm-surge,
  title={Neural network prediction of a storm surge},
  author={Lee, T-L},
  journal={Ocean Engineering},
  volume={33},
  number={3-4},
  pages={483--494},
  year={2006},
  publisher={Elsevier}
}

@inproceedings{ks-emotion1,
  title={Identifying emotional states using keystroke dynamics},
  author={Epp, Clayton and Lippold, Michael and Mandryk, Regan L},
  booktitle={Proceedings of the sigchi conference on human factors in computing systems},
  pages={715--724},
  year={2011},
  organization={ACM}
}

@inproceedings{ks-emotion2-mouse,
  title={A review of emotion recognition methods based on keystroke dynamics and mouse movements},
  author={Ko{\l}akowska, Agata},
  booktitle={2013 6th International Conference on Human System Interactions (HSI)},
  pages={548--555},
  year={2013},
  organization={IEEE}
}

@book{alice,
  title={Alice's adventures in wonderland},
  author={Carroll, Lewis},
  year={2011},
  publisher={Broadview Press}
}

@article{emothaw,
  title={EMOTHAW: A novel database for emotional state recognition from handwriting and drawing},
  author={Likforman-Sulem, Laurence and Esposito, Anna and Faundez-Zanuy, Marcos and Cl{\'e}men{\c{c}}on, St{\'e}phan and Cordasco, Gennaro},
  journal={IEEE Transactions on Human-Machine Systems},
  volume={47},
  number={2},
  pages={273--284},
  year={2017},
  publisher={IEEE}
}

@misc{alphonse,
  title={Alphonse Bertillon et l'anthropom{\'e}trie},
  author={Kaluszynski, Martine},
  year={1987},
  publisher={Ed. Creaphis,}
}

@article{emerge-biometric,
  title={The emergence of biometrics and its effect on consumers},
  author={Langenderfer, Jeff and Linnhoff, Stefan},
  journal={Journal of Consumer Affairs},
  volume={39},
  number={2},
  pages={314--338},
  year={2005},
  publisher={Wiley Online Library}
}

@inproceedings{nemenyi,
  title={Distribution-free multiple comparisons},
  author={Nemenyi, Peter},
  booktitle={Biometrics},
  volume={18},
  number={2},
  pages={263},
  year={1962},
  organization={International Biometric Soc 1441 I ST, NW, SUITE 700, WASHINGTON, DC 20005-2210}
}

@incollection{pearson,
  title={Pearson correlation coefficient},
  author={Benesty, Jacob and Chen, Jingdong and Huang, Yiteng and Cohen, Israel},
  booktitle={Noise reduction in speech processing},
  pages={1--4},
  year={2009},
  publisher={Springer}
}

@book{minkowski,
  title={Some aspects of Minkowski distance},
  author={Van de Geer, John P},
  year={1995},
  publisher={Leiden University, Department of Data Theory}
}


@inproceedings{gender-helpes,
  title={Gender classification from unconstrained video sequences},
  author={Demirkus, Meltem and Toews, Matthew and Clark, James J and Arbel, Tal},
  booktitle={2010 IEEE Computer Society Conference on Computer Vision and Pattern Recognition-Workshops},
  pages={55--62},
  year={2010},
  organization={IEEE}
}

@inproceedings{biometric-survey,
  title={A survey of biometric recognition methods},
  author={Delac, Kresimir and Grgic, Mislav},
  booktitle={Proceedings. Elmar-2004. 46th International Symposium on Electronics in Marine},
  pages={184--193},
  year={2004},
  organization={IEEE}
}

@book{handwriting-biometric,
  title={Biometric user authentication for IT security: from fundamentals to handwriting},
  author={Vielhauer, Claus},
  volume={18},
  year={2005},
  publisher={Springer Science \& Business Media}
}

@article{ensemble-voting,
  title={An empirical comparison of voting classification algorithms: Bagging, boosting, and variants},
  author={Bauer, Eric and Kohavi, Ron},
  journal={Machine learning},
  volume={36},
  number={1-2},
  pages={105--139},
  year={1999},
  publisher={Springer}
}

@book{nonparametric,
  title={Nonparametric statistical methods},
  author={Hollander, Myles and Wolfe, Douglas A and Chicken, Eric},
  volume={751},
  year={2013},
  publisher={John Wiley \& Sons}
}

@article{friedman-comparison,
  title={A comparison of alternative tests of significance for the problem of m rankings},
  author={Friedman, Milton},
  journal={The Annals of Mathematical Statistics},
  volume={11},
  number={1},
  pages={86--92},
  year={1940},
  publisher={JSTOR}
}

@article{chemical-biometric-example,
  title={Survey of Different Biometrics Techniques},
  author={Choudhary, Jitendra},
  journal={International Journal of Modern Engineering Research (IJMER)},
  volume={2},
  number={5},
  pages={3150--3155},
  year={2012}
}

@article{ks-gender1,
  title={Using keystroke dynamics for gender identification in social network environment},
  author={Fairhurst, Michael and Da Costa-Abreu, M{\'a}rjory},
  year={2011},
  publisher={IET}
}

@Inbook{evaluation,
    author="Webb, Geoffrey I.",
    editor="Sammut, Claude
    and Webb, Geoffrey I.",
    title="Algorithm Evaluation",
    bookTitle="Encyclopedia of Machine Learning",
    year="2010",
    publisher="Springer US",
    address="Boston, MA",
    pages="35--36",
    isbn="978-0-387-30164-8",
    doi="10.1007/978-0-387-30164-8_18",
    url="https://doi.org/10.1007/978-0-387-30164-8_18"
}

@Article{scmamp,
    title = {scmamp: Statistical Comparison of Multiple Algorithms in Multiple Problems},
    author = {Borja Calvo and Guzman Santafe},
    year = {2015},
    journal = {The R Journal},
    volume = {Accepted for publication},
 }

@article{cd-diagram,
  title={Statistical comparisons of classifiers over multiple data sets},
  author={Dem{\v{s}}ar, Janez},
  journal={Journal of Machine learning research},
  volume={7},
  number={Jan},
  pages={1--30},
  year={2006}
}

@article{fingerprint-gender2,
  title={Fingerprint based gender classification for biometric security: A state-of-the-art technique},
  author={Gornale, Shivanand S},
  journal={AIJRSTEM},
  volume={9},
  number={1},
  pages={39--49},
  year={2015}
}

@article{fingerprint-gender,
  title={Fingerprint-Based Gender Classification.},
  author={Badawi, Ahmed M and Mahfouz, Mohamed and Tadross, Rimon and Jantz, Richard},
  journal={IPCV},
  volume={6},
  pages={41--46},
  year={2006},
  publisher={Citeseer}
}

@article{mixture-expterts,
  title={Adaptive mixtures of local experts},
  author={Jacobs, Robert A and Jordan, Michael I and Nowlan, Steven J and Hinton, Geoffrey E},
  journal={Neural computation},
  volume={3},
  number={1},
  pages={79--87},
  year={1991},
  publisher={MIT Press}
}

@article{cd-example,
author = {Adhi Tama, Bayu and Rhee, Kyung Hyune},
year = {2018},
month = {05},
pages = {},
title = {A Comparative Study of Phishing Websites Classification Based on Classifier Ensembles},
volume = {21},
journal = {Journal of Korea Multimedia Society},
doi = {10.9717/kmms.2018.21.5.617}
}

@article{scale,
  title={Batch normalization: Accelerating deep network training by reducing internal covariate shift},
  author={Ioffe, Sergey and Szegedy, Christian},
  journal={arXiv preprint arXiv:1502.03167},
  year={2015}
}

@phdthesis{ks-features-example,
author = {Mondal, Soumik},
year = {2016},
month = {02},
pages = {},
title = {Continuous User Authentication and Identification: Combination of Security \& Forensics},
school = {Norwegian University of Science and Technology},
doi = {10.13140/RG.2.1.1152.0882}
}

@book{handbook-multibiometrics,
  title={Handbook of multibiometrics},
  author={Ross, Arun A and Nandakumar, Karthik and Jain, Anil K},
  volume={6},
  year={2006},
  publisher={Springer Science \& Business Media}
}


@inproceedings{ks-ms-gender-age-2017,
author = {Pentel, Avar},
title = {Predicting Age and Gender by Keystroke Dynamics and Mouse Patterns},
year = {2017},
isbn = {9781450350679},
publisher = {Association for Computing Machinery},
address = {New York, NY, USA},
url = {https://doi.org/10.1145/3099023.3099105},
doi = {10.1145/3099023.3099105},
booktitle = {Adjunct Publication of the 25th Conference on User Modeling, Adaptation and Personalization},
pages = {381–385},
numpages = {5},
keywords = {mouse dynamics, gender prediction, user modeling, keystroke dynamics, age prediction},
location = {Bratislava, Slovakia},
series = {UMAP ’17}
}

@article{ks-gender-2018,
title = "Keystroke dynamics features for gender recognition",
journal = "Digital Investigation",
volume = "24",
pages = "4 - 10",
year = "2018",
issn = "1742-2876",
doi = "https://doi.org/10.1016/j.diin.2018.01.018",
url = "http://www.sciencedirect.com/science/article/pii/S174228761730364X",
author = "Ioannis Tsimperidis and Avi Arampatzis and Alexandros Karakos",
keywords = "Keystroke dynamics, Gender classification, Data mining, Feature selection, Information gain, Digital forensics",
abstract = "This work attempts to recognize the gender of an unknown user with data derived only from keystroke dynamics. Keystroke dynamics, which can be described as the way a user is typing, usually amount to tens of thousands of features, each of them enclosing some information. The question that arises is which of these characteristics are most suitable for gender classification. To answer this question, a new dataset was created by recording users during the daily usage of their computer, the information gain of each keystroke dynamics feature was calculated, and five well-known classification models were used to test the feature sets. The results show that the gender of an unknown user can be identified with an accuracy of over 95\% with only a few hundred features. This percentage, which is the highest found in the literature, is quite promising for the development of reliable systems that can alert an unsuspecting user to being a victim of deception. Moreover, having the ability to identify the gender of a user who types a certain piece of text is of significant importance in digital forensics. This holds true, as it could be the source of circumstantial evidence for “putting fingers on the keyboard” and for arbitrating cases where the true origin of a message needs to be identified."
}

@article{hw-ensemble-gender-2017,
  title={Improving handwriting based gender classification using ensemble classifiers},
  author={Ahmed, Mahreen and Rasool, Asma Ghulam and Afzal, Hammad and Siddiqi, Imran},
  journal={Expert Systems with Applications},
  volume={85},
  pages={158--168},
  year={2017},
  publisher={Elsevier}
}


@article{ks-mood-2018,
  title={Predicting mood disturbance severity with mobile phone keystroke metadata: a biaffect digital phenotyping study},
  author={Zulueta, John and Piscitello, Andrea and Rasic, Mladen and Easter, Rebecca and Babu, Pallavi and Langenecker, Scott A and McInnis, Melvin and Ajilore, Olusola and Nelson, Peter C and Ryan, Kelly and others},
  journal={Journal of medical Internet research},
  volume={20},
  number={7},
  pages={e241},
  year={2018},
  publisher={JMIR Publications Inc., Toronto, Canada}
}

@article{hw-emotion-touch-2019,
  title={Emotions identification utilizing periodic handwriting on mobile surfaces},
  author={Zagorskis, Viktors and Kapenieks, Atis and Gorbunovs, Aleksandrs},
  journal={Periodicals of Engineering and Natural Sciences},
  volume={7},
  number={1},
  pages={228--237},
  year={2019}
}

@inproceedings{multi-soft-2015,
  title={Multi-label cnn based pedestrian attribute learning for soft biometrics},
  author={Zhu, Jianqing and Liao, Shengcai and Yi, Dong and Lei, Zhen and Li, Stan Z},
  booktitle={2015 International Conference on Biometrics (ICB)},
  pages={535--540},
  year={2015},
  organization={IEEE}
}

@article{multi-web-genre-2009,
  title={Multi-Label Approaches to Web Genre Identification.},
  author={Vidulin, Vedrana and Lustrek, Mitja and Gams, Matjaz},
  journal={JLCL},
  volume={24},
  number={1},
  pages={97--114},
  year={2009},
  publisher={Citeseer}
}

@article{multi-age-gender-2014,
  title={Age and gender identification in social media},
  author={Marquardt, James and Farnadi, Golnoosh and Vasudevan, Gayathri and Moens, Marie-Francine and Davalos, Sergio and Teredesai, Ankur and De Cock, Martine},
  journal={Proceedings of CLEF 2014 Evaluation Labs},
  volume={1180},
  pages={1129--1136},
  year={2014}
}


@inproceedings{multi-age-images-2011,
  title={Age estimation using multi-label learning},
  author={Luo, Xiaoyu and Pang, Xiumei and Ma, Bingpeng and Liu, Fang},
  booktitle={Chinese Conference on Biometric Recognition},
  pages={221--228},
  year={2011},
  organization={Springer}
}

@ARTICLE{multi-label-review-zhang-2014, 
  author={M. {Zhang} and Z. {Zhou}}, 
  journal={IEEE Transactions on Knowledge and Data Engineering}, 
  title={A Review on Multi-Label Learning Algorithms}, 
  year={2014}, 
  volume={26}, 
  number={8}, 
  pages={1819-1837},
 }

@phdthesis{nascimento2014a,
  author       = {Diego Silveira Costa Nascimento}, 
  title        = {Novas abordagens para configurações automáticas dos parâmetros de controle em comitês de classificadores},
  school       = {Federal University of Rio Grande do Norte},
  year         = 2014,
  address      = {Natal},

}

@inproceedings{masresnet, 
  author={E. {Bekele} and C. {Narber} and W. {Lawson}}, 
  booktitle={2017 12th IEEE International Conference on Automatic Face Gesture Recognition (FG 2017)}, 
  title={Multi-attribute Residual Network (MAResNet) for Soft-Biometrics Recognition in Surveillance Scenarios}, 
  year={2017}, 
  volume={}, 
  number={}, 
  pages={386-393},
} 

@incollection{person-reidentification-2020,
  title={Person Re-identification with Soft Biometrics Through Deep Learning},
  author={Lin, Shan and Li, Chang-Tsun},
  booktitle={Deep Biometrics},
  pages={21--36},
  year={2020},
  publisher={Springer}
}

@article{multi-emotion-stackoverflow-2020,
  title={Classifying emotions in Stack Overflow and JIRA using a multi-label approach},
  author={Cabrera-Diego, Luis Adri{\'a}n and Bessis, Nik and Korkontzelos, Ioannis},
  journal={Knowledge-Based Systems},
  pages={105633},
  year={2020},
  publisher={Elsevier}
}

@article{clustering-facial-soft-to-hard-2019,
  title={Clustering facial attributes: Narrowing the path from soft to hard biometrics},
  author={Abate, Andrea F and Barra, Paola and Barra, Silvio and Molinari, Cristiano and Nappi, Michele and Narducci, Fabio},
  journal={IEEE Access},
  year={2019},
  publisher={IEEE}
}

@article{multibiometric-review-2019,
  title={Multibiometric fusion strategy and its applications: A review},
  author={Modak, Sandip Kumar Singh and Jha, Vijay Kumar},
  journal={Information Fusion},
  volume={49},
  pages={174--204},
  year={2019},
  publisher={Elsevier}
}

@article{hw-static-features-2014,
  title={Emerging issues for static handwritten signature biometric},
  author={Diaz-Cabrera, Moises and Morales, Aythami and Ferrer, Miguel A},
  journal={Advances in Digital Handwritten Signature Processing. A Human Artefact for e-Society},
  pages={111--122},
  year={2014},
  publisher={Word Scientific}
}

@article{hw-static-dynamic-features-2015,
  title={On-line signature recognition through the combination of real dynamic data and synthetically generated static data},
  author={Galbally, Javier and Diaz-Cabrera, Moises and Ferrer, Miguel A and Gomez-Barrero, Marta and Morales, Aythami and Fierrez, Julian},
  journal={Pattern Recognition},
  volume={48},
  number={9},
  pages={2921--2934},
  year={2015},
  publisher={Elsevier}
}

@article{ks-review-2011,
  title={Biometric personal authentication using keystroke dynamics: A review},
  author={Karnan, Marcus and Akila, Muthuramalingam and Krishnaraj, Nishara},
  journal={Applied soft computing},
  volume={11},
  number={2},
  pages={1565--1573},
  year={2011},
  publisher={Elsevier}
}


@article{marjory-emotion2,
  title={Predictive biometrics: a review and analysis of predicting personal characteristics from biometric data},
  author={Fairhurst, Michael and Li, Cheng and Da Costa-Abreu, M{\'a}rjory},
  journal={IET Biometrics},
  volume={6},
  number={6},
  pages={369--378},
  year={2017},
  publisher={IET}
}

@article{marjory-emotion1,
  title={Exploring emotion prediction from biometric-based keystroke dynamics data using multiagent systems},
  author={Fairhurst, Michael and Li, Cheng and Da Costa-Abreu, M{\'a}rjory},
  year={2015},
  publisher={IET}
}

@book{data-mining-2020,
  title={Mining of massive data sets},
  author={Leskovec, Jure and Rajaraman, Anand and Ullman, Jeffrey David},
  year={2020},
  publisher={Cambridge university press}
}

@article{dietterich-approximate-1998,
  title={Approximate statistical tests for comparing supervised classification learning algorithms},
  author={Dietterich, Thomas G},
  journal={Neural computation},
  volume={10},
  number={7},
  pages={1895--1923},
  year={1998},
  publisher={MIT Press}
}

@book{big-data-2015,
  title={Big Data: Principles and best practices of scalable realtime data systems},
  author={Marz, Nathan and Warren, James},
  year={2015},
  publisher={Manning Publications Co.}
}

@article{multimodal-face-iris-2019,
  title={Multimodal face and iris recognition with adaptive score normalization using several comparative methods},
  author={Mansoura, Lemmouchi and Noureddine, Athamena and Assas, Ouarda and Yassine, Abdessemed},
  journal={Indian Journal of Science and Technology},
  volume={12},
  pages={7},
  year={2019}
}

@inproceedings{hw-forensic-emotion-2014,
  title={Enhancing the forensic value of handwriting using emotion prediction},
  author={Fairhurst, Michael and Erbilek, Meryem and Li, Cheng},
  booktitle={2nd International Workshop on Biometrics and Forensics},
  pages={1--6},
  year={2014},
  organization={IEEE}
}

@inproceedings{behavioral-biomerics-2009,
  title={Identity theft, computers and behavioral biometrics},
  author={Moskovitch, Robert and Feher, Clint and Messerman, Arik and Kirschnick, Niklas and Mustafic, Tarik and Camtepe, Ahmet and Lohlein, Bernhard and Heister, Ulrich and Moller, Sebastian and Rokach, Lior and others},
  booktitle={2009 IEEE International Conference on Intelligence and Security Informatics},
  pages={155--160},
  year={2009},
  organization={IEEE}
}

@inproceedings{review-behavioral-2016,
  title={A review of continuous authentication using behavioral biometrics},
  author={Stylios, Ioannis C and Thanou, Olga and Androulidakis, Iosif and Zaitseva, Elena},
  booktitle={Proceedings of the SouthEast European Design Automation, Computer Engineering, Computer Networks and Social Media Conference},
  pages={72--79},
  year={2016}
}

@inproceedings{statistical-ml-2008,
  title={On the appropriateness of statistical tests in machine learning},
  author={Dem{\v{s}}ar, Janez},
  booktitle={Workshop on Evaluation Methods for Machine Learning in conjunction with ICML},
  pages={65},
  year={2008}
}

@article{statistical-ml-regression-2009,
  title={A study of statistical techniques and performance measures for genetics-based machine learning: accuracy and interpretability},
  author={Garc{\'\i}a, Salvador and Fern{\'a}ndez, Alberto and Luengo, Juli{\'a}n and Herrera, Francisco},
  journal={Soft Computing},
  volume={13},
  number={10},
  pages={959},
  year={2009},
  publisher={Springer}
}


@article{hw-dynamic-better-static-1993,
  title={Recovering dynamic information from static handwriting},
  author={Boccignone, Giuseppe and Chianese, Angelo and Cordella, Luigi P and Marcelli, Angelo},
  journal={Pattern recognition},
  volume={26},
  number={3},
  pages={409--418},
  year={1993},
  publisher={Elsevier}
}

@article{hw-relative-dynamic-2018,
  title={Assessment of signature handwriting evidence via score-based likelihood ratio based on comparative measurement of relevant dynamic features},
  author={Chen, Xiao-hong and Champod, Christophe and Yang, Xu and Shi, Shao-pei and Luo, Yi-wen and Wang, Nan and Wang, Ya-chen and Lu, Qi-meng},
  journal={Forensic science international},
  volume={282},
  pages={101--110},
  year={2018},
  publisher={Elsevier}
}

@article{school-evaluation-1,
  title={Avalia{\c{c}}{\~a}o da aprendizagem na univesidade},
  author={Oliveira, Katya Luciane de and Santos, Ac{\'a}cia Aparecida Angeli dos},
  journal={Psicologia Escolar e Educacional},
  volume={9},
  number={1},
  pages={37--46},
  year={2005},
  publisher={SciELO Brasil}
}